<?xml version="1.0" encoding="UTF-8"?><collection xmlns="http://www.loc.gov/MARC21/slim"><record><leader>00472nam--2200181-u-4500</leader><controlfield tag="001">000055203</controlfield><controlfield tag="002">20161230</controlfield><controlfield tag="005">20161230201052</controlfield><controlfield tag="008">121123s1000------------r-----000-0-rus-d</controlfield><datafield ind1=" " ind2=" " tag="040"><subfield code="a">IFIN-HH</subfield></datafield><datafield ind1=" " ind2=" " tag="041"><subfield code="a">rus</subfield></datafield><datafield ind1=" " ind2=" " tag="080"><subfield code="a">537.874.6:538.956</subfield></datafield><datafield ind1="1" ind2=" " tag="100"><subfield code="a">Nefedov, E.I</subfield></datafield><datafield ind1="1" ind2="0" tag="245"><subfield code="a">Difraktia elektromagnitnih voln na dielektriceskih strukturah</subfield><subfield code="c">E.i. nefedov</subfield></datafield><datafield ind1=" " ind2=" " tag="260"><subfield code="a">Modkva</subfield><subfield code="b">Nauka</subfield><subfield code="c">1979</subfield></datafield><datafield ind1=" " ind2=" " tag="300"><subfield code="a">271P</subfield></datafield><datafield ind1=" " ind2=" " tag="852"><subfield code="a">75097</subfield><subfield code="c">539.2</subfield></datafield><datafield ind1=" " ind2=" " tag="CAT"><subfield code="a">Sys</subfield><subfield code="c">20121123</subfield><subfield code="h">132010</subfield></datafield></record></collection>